

@article{Axel2018,
title = {Richard Axel},
journal = {Neuron},
volume = {99},
number = {6},
pages = {1110-1112},
year = {2018},
issn = {0896-6273},
doi = {https://doi.org/10.1016/j.neuron.2018.09.003},
url = {https://www.sciencedirect.com/science/article/pii/S0896627318307761}
}

@article{Britodasilva2019,
title = {A survey of adaptive resonance theory neural network models for engineering applications},
journal = {Neural Networks},
volume = {120},
pages = {167-203},
year = {2019},
note = {special Issue in Honor of the 80th Birthday of Stephen Grossberg},
issn = {0893-6080},
doi = {https://doi.org/10.1016/j.neunet.2019.09.012},
url = {https://www.sciencedirect.com/science/article/pii/S0893608019302734},
author = {Leonardo Enzo {Brito da Silva} and Islam Elnabarawy and Donald C. Wunsch},
keywords = {Adaptive resonance theory, Clustering, Classification, Regression, Reinforcement learning, Survey},
}

@ARTICLE{Cui2017,
  
AUTHOR={Cui, Yuwei and Ahmad, Subutai and Hawkins, Jeff},   
	 
TITLE={The HTM Spatial Pooler—A Neocortical Algorithm for Online Sparse Distributed Coding},      
	
JOURNAL={Frontiers in Computational Neuroscience},      
	
VOLUME={11},      
	
YEAR={2017},      
	  
URL={https://www.frontiersin.org/article/10.3389/fncom.2017.00111},       
	
DOI={10.3389/fncom.2017.00111},      
	
ISSN={1662-5188},   
}

@inproceedings{Cui2016,
author = {Cui, Yuwei and Surpur, Chetan and Ahmad, Subutai and Hawkins, Jeff},
year = {2016},
month = {07},
pages = {1530-1538},
title = {A comparative study of HTM and other neural network models for online sequence learning with streaming data},
booktitle={2016 International Joint Conference on Neural Networks},
doi = {10.1109/IJCNN.2016.7727380}
}

@article{Cui2016b,
author = {Cui, Yuwei and Ahmad, Subutai and Hawkins, Jeff},
title = {Continuous Online Sequence Learning with an Unsupervised Neural Network Model},
year = {2016},
issue_date = {November 2016},
publisher = {MIT Press},
address = {Cambridge, MA, USA},
volume = {28},
number = {11},
issn = {0899-7667},
url = {https://doi.org/10.1162/NECO_a_00893},
doi = {10.1162/NECO_a_00893},
journal = {Neural Computation},
month = {nov},
pages = {2474–2504},
numpages = {31}
}

@inproceedings{Dasgupta2008,
author = {Dasgupta, Sanjoy and Freund, Yoav},
title = {Random Projection Trees and Low Dimensional Manifolds},
year = {2008},
isbn = {9781605580470},
publisher = {Association for Computing Machinery},
address = {New York, NY, USA},
doi = {10.1145/1374376.1374452},
booktitle = {Proceedings of the Fortieth Annual ACM Symposium on Theory of Computing},
pages = {537–546},
}

@article{Fjelland2020,
	author = {Fjelland, Ragnar},
	date = {2020/06/17},
	date-added = {2022-06-06 20:18:09 -0700},
	date-modified = {2022-06-06 20:18:09 -0700},
	doi = {10.1057/s41599-020-0494-4},
	isbn = {2662-9992},
	journal = {Humanities and Social Sciences Communications},
	number = {1},
	pages = {10},
	title = {Why general artificial intelligence will not be realized},
	url = {https://doi.org/10.1057/s41599-020-0494-4},
	volume = {7},
	year = {2020},
	bdsk-url-1 = {https://doi.org/10.1057/s41599-020-0494-4}
}

@ARTICLE{Hawkins2016,
  
AUTHOR={Hawkins, Jeff and Ahmad, Subutai},   
	 
TITLE={Why Neurons Have Thousands of Synapses, a Theory of Sequence Memory in Neocortex},      
	
JOURNAL={Frontiers in Neural Circuits},      
	
VOLUME={10},           
	
YEAR={2016},      
	  
URL={https://www.frontiersin.org/articles/10.3389/fncir.2016.00023},       
	
DOI={10.3389/fncir.2016.00023},      
	
ISSN={1662-5110}
}

@INPROCEEDINGS{George2006,
  author={George, Dileep},
  booktitle={2006 International Conference of the IEEE Engineering in Medicine and Biology Society}, 
  title={Hierarchical Temporal Memory: Theory and Applications}, 
  year={2006},
  volume={Supplement},
  number={},
  pages={6643-6643},
  doi={10.1109/IEMBS.2006.260909}
}

@article{George2009,
author = {George, Dileep and Hawkins, Jeff},
year = {2009},
month = {10},
pages = {e1000532},
title = {Towards a Mathematical Theory of Cortical Micro-circuits},
volume = {5},
journal = {PLoS computational biology},
doi = {10.1371/journal.pcbi.1000532}
}

@article{George2021,
	author = {George, Dileep and Rikhye, Rajeev V. and Gothoskar, Nishad and Guntupalli, J. Swaroop and Dedieu, Antoine and L{\'a}zaro-Gredilla, Miguel},
	date = {2021/04/22},
	doi = {10.1038/s41467-021-22559-5},
	id = {George2021},
	isbn = {2041-1723},
	journal = {Nature Communications},
	number = {1},
	pages = {2392},
	title = {Clone-structured graph representations enable flexible learning and vicarious evaluation of cognitive maps},
	url = {https://doi.org/10.1038/s41467-021-22559-5},
	volume = {12},
	year = {2021},
}

@article{Grossberg2012,
author = {Grossberg, Stephen},
year = {2012},
month = {10},
pages = {},
title = {Adaptive Resonance Theory: How a brain learns to consciously attend, learn, and recognize a changing world. Neural},
volume = {37},
journal = {Neural networks},
doi = {10.1016/j.neunet.2012.09.017}
}

@article{Kanerva2009,
	author = {Kanerva, Pentti},
	date = {2009/06/01},
	date-added = {2022-06-06 18:58:12 -0700},
	date-modified = {2022-06-06 18:58:12 -0700},
	doi = {10.1007/s12559-009-9009-8},
	id = {Kanerva2009},
	isbn = {1866-9964},
	journal = {Cognitive Computation},
	number = {2},
	pages = {139--159},
	title = {Hyperdimensional Computing: An Introduction to Computing in Distributed Representation with High-Dimensional Random Vectors},
	url = {https://doi.org/10.1007/s12559-009-9009-8},
	volume = {1},
	year = {2009},
	bdsk-url-1 = {https://doi.org/10.1007/s12559-009-9009-8}}

@misc{Lewis2021,
  doi = {10.48550/ARXIV.2107.00567},
  
  url = {https://arxiv.org/abs/2107.00567},
  
  author = {Lewis, Marcus},
  
  keywords = {Artificial Intelligence (cs.AI), Neurons and Cognition (q-bio.NC), FOS: Computer and information sciences, FOS: Computer and information sciences, FOS: Biological sciences, FOS: Biological sciences},
  
  title = {Hippocampal Spatial Mapping As Fast Graph Learning},
  
  publisher = {arXiv},
  
  year = {2021},
  
  copyright = {Creative Commons Attribution Non Commercial Share Alike 4.0 International}
}

@ARTICLE{Mackenzie2019,  
author={Mackenzie, Jonathan and Roddick, John F. and Zito, Rocco},  
journal={IEEE Transactions on Intelligent Transportation Systems},   
title={An Evaluation of HTM and LSTM for Short-Term Arterial Traffic Flow Prediction},   
year={2019},  
volume={20},  
number={5},  
pages={1847-1857},  
doi={10.1109/TITS.2018.2843349}
}

@book{Kanerva1988,
  title={Sparse distributed memory},
  author={Kanerva, Pentti},
  year={1988},
  publisher={MIT press}
}
@Inbook{Maass2019,
author="Maass, Wolfgang
and Papadimitriou, Christos H.
and Vempala, Santosh
and Legenstein, Robert",
editor="Steffen, Bernhard
and Woeginger, Gerhard",
title="Brain Computation: A Computer Science Perspective",
bookTitle="Computing and Software Science: State of the Art and Perspectives",
year="2019",
publisher="Springer International Publishing",
address="Cham",
pages="184--199",
isbn="978-3-319-91908-9",
doi="10.1007/978-3-319-91908-9_11",
url="https://doi.org/10.1007/978-3-319-91908-9_11"
}

@article{Niu2022,
	an = {35111211},
	author = {Niu, Dejiao and Yang, Le and Cai, Tao and Li, Lei and Wu, Xudong and Wang, Zhidong},
	date = {2022/01/24},
	db = {PubMed},
	doi = {10.1155/2022/6072316},
	isbn = {1687-5273; 1687-5265},
	journal = {Computational intelligence and neuroscience},
	keywords = {*Algorithms; Humans; *Learning; Neurons},
	la = {eng},
	month = {01},
	pages = {6072316--6072316},
	publisher = {Hindawi},
	title = {A New Hierarchical Temporal Memory Algorithm Based on Activation Intensity},
	volume = {2022},
	year = {2022},
}
	
@article{Silver2021,
	author = {Silver, David and Singh, Satinder and Precup, Doina and Sutton, Richard S.},
	date = {2021/10/01/},
	date-added = {2022-06-06 20:37:19 -0700},
	date-modified = {2022-06-06 20:37:19 -0700},
	doi = {https://doi.org/10.1016/j.artint.2021.103535},
	isbn = {0004-3702},
	journal = {Artificial Intelligence},
	keywords = {Artificial intelligence; Artificial general intelligence; Reinforcement learning; Reward},
	pages = {103535},
	title = {Reward is enough},
	url = {https://www.sciencedirect.com/science/article/pii/S0004370221000862},
	volume = {299},
	year = {2021},
	bdsk-url-1 = {https://www.sciencedirect.com/science/article/pii/S0004370221000862},
	bdsk-url-2 = {https://doi.org/10.1016/j.artint.2021.103535}
}

@article{Struye2020,
title = {Hierarchical temporal memory and recurrent neural networks for time series prediction: An empirical validation and reduction to multilayer perceptrons},
journal = {Neurocomputing},
volume = {396},
pages = {291-301},
year = {2020},
issn = {0925-2312},
doi = {https://doi.org/10.1016/j.neucom.2018.09.098},
url = {https://www.sciencedirect.com/science/article/pii/S0925231219304369},
author = {Jakob Struye and Steven Latré},
keywords = {HTM, LSTM, GRU, Time series prediction},
}

@article{Suzugamine2020,
author = {Suzugamine, Sotetsu and Aoki, Takeru and Takadama, Keiki and Sato, Hiroyuki},
year = {2020},
month = {03},
pages = {185-198},
title = {Self-Structured Cortical Learning Algorithm by Dynamically Adjusting Columns and Cells},
volume = {24},
journal = {Journal of Advanced Computational Intelligence and Intelligent Informatics},
doi = {10.20965/jaciii.2020.p0185}
}
@ARTICLE{Wu2021,  
author={Wu, Renjie and Keogh, Eamonn},
journal={IEEE Transactions on Knowledge and Data Engineering},
title={Current Time Series Anomaly Detection Benchmarks are Flawed and are Creating the Illusion of Progress},
year={2021},
volume={},
number={},
pages={1-1},
doi={10.1109/TKDE.2021.3112126}
}

@ARTICLE{Ye2018,  
author={Ye, Peijun and Wang, Tao and Wang, Fei-Yue},
journal={IEEE Transactions on Cybernetics},
title={A Survey of Cognitive Architectures in the Past 20 Years},
year={2018},
volume={48},
number={12},
pages={3280-3290},
doi={10.1109/TCYB.2018.2857704}
}